="发生日期"	="业务名称"	="证券代码"	="证券名称"	="成交均价"	="成交数量"	="成交金额"	="股份余额"	="手续费"	="印花税"	="过户费"	="其他费"	="发生金额"	="资金余额"	="委托编号"	="委托价格"	="委托数量"	="股东代码"	="资金帐号"	="币种"	="备注"	
="2015-04-13"	="银证转入"			0.0000	0	0.00	0	0.00	0.00	0.00	0.000	2.26	2.26		0.0000	0		="301719094322"	="人民币"		
="2015-04-13"	="基金赎回"	="A40006"	="现金宝"	1.0000	124317.74	124317.74	393523	0.00	0.00	0.00	0.000	124317.74	124320.00		0.0000	0	="99F625223328"	="301719094322"	="人民币"		
="2015-04-13"	="新股申购"	="300449"	="汉邦高科"	17.7600	7000	124320.00	7000	0.00	0.00	0.00	0.000	-124320.00	0.00	="SW302578"	17.7600	7000	="0103988319"	="301719094322"	="人民币"		
="2015-04-14"	="银证转入"			0.0000	0	0.00	0	0.00	0.00	0.00	0.000	1935.00	1935.00		0.0000	0		="301719094322"	="人民币"		
="2015-04-14"	="基金赎回"	="A40006"	="现金宝"	1.0000	303740	303740.00	89783	0.00	0.00	0.00	0.000	303740.00	305675.00		0.0000	0	="99F625223328"	="301719094322"	="人民币"		
="2015-04-14"	="新股申购"	="300436"	="广生堂"	21.4700	2500	53675.00	2500	0.00	0.00	0.00	0.000	-53675.00	252000.00	="SW467958"	21.4700	2500	="0103988319"	="301719094322"	="人民币"		
="2015-04-14"	="新股申购"	="300424"	="航新科技"	11.6800	1500	17520.00	1500	0.00	0.00	0.00	0.000	-17520.00	234480.00	="SW468066"	11.6800	1500	="0103988319"	="301719094322"	="人民币"		
="2015-04-14"	="新股申购"	="300447"	="全信股份"	12.9100	2500	32275.00	2500	0.00	0.00	0.00	0.000	-32275.00	202205.00	="SW468158"	12.9100	2500	="0103988319"	="301719094322"	="人民币"		
="2015-04-14"	="新股申购"	="300439"	="美康生物"	27.5100	1500	41265.00	1500	0.00	0.00	0.00	0.000	-41265.00	160940.00	="SW468311"	27.5100	1500	="0103988319"	="301719094322"	="人民币"		
="2015-04-14"	="新股申购"	="300445"	="康斯特"	18.1200	4000	72480.00	4000	0.00	0.00	0.00	0.000	-72480.00	88460.00	="SW468378"	18.1200	4000	="0103988319"	="301719094322"	="人民币"		
="2015-04-14"	="新股申购"	="300443"	="金雷风电"	31.9400	2500	79850.00	2500	0.00	0.00	0.00	0.000	-79850.00	8610.00	="SW468490"	31.9400	2500	="0103988319"	="301719094322"	="人民币"		
="2015-04-14"	="新股申购"	="002752"	="N兴股份"	5.7400	1500	8610.00	1500	0.00	0.00	0.00	0.000	-8610.00	0.00	="SW468603"	5.7400	1500	="0103988319"	="301719094322"	="人民币"		
="2015-04-15"	="银证转入"			0.0000	0	0.00	0	0.00	0.00	0.00	0.000	3641.23	3641.23		0.0000	0		="301719094322"	="人民币"		
="2015-04-15"	="银证转入"			0.0000	0	0.00	0	0.00	0.00	0.00	0.000	117145.21	117145.21		0.0000	0		="301719093195"	="人民币"		
="2015-04-15"	="跨行转出"			0.0000	0	0.00	0	0.00	0.00	0.00	0.000	-117145.21	0.00		0.0000	0		="301719093195"	="人民币"		
="2015-04-15"	="跨行转入"			0.0000	0	0.00	0	0.00	0.00	0.00	0.000	117145.21	120786.44		0.0000	0		="301719094322"	="人民币"		
="2015-04-15"	="基金赎回"	="A40006"	="现金宝"	1.0000	84638.56	84638.56	5145	0.00	0.00	0.00	0.000	84638.56	205425.00		0.0000	0	="99F625223328"	="301719094322"	="人民币"		
="2015-04-15"	="申购还款"	="300449"	="汉邦高科"	17.7600	7000	124320.00	0	0.00	0.00	0.00	0.000	124320.00	329745.00	="SW302578"	17.7600	7000	="0103988319"	="301719094322"	="人民币"		
="2015-04-15"	="新股申购"	="300446"	="乐凯新材"	8.8500	6000	53100.00	6000	0.00	0.00	0.00	0.000	-53100.00	276645.00	="SW202140"	8.8500	6000	="0103988319"	="301719094322"	="人民币"		
="2015-04-15"	="新股申购"	="300437"	="清水源"	10.5300	6000	63180.00	6000	0.00	0.00	0.00	0.000	-63180.00	213465.00	="SW202152"	10.5300	6000	="0103988319"	="301719094322"	="人民币"		
="2015-04-15"	="新股申购"	="300448"	="浩云科技"	15.7900	1500	23685.00	1500	0.00	0.00	0.00	0.000	-23685.00	189780.00	="SW202172"	15.7900	1500	="0103988319"	="301719094322"	="人民币"		
="2015-04-15"	="新股申购"	="300441"	="鲍斯股份"	9.8100	1500	14715.00	1500	0.00	0.00	0.00	0.000	-14715.00	175065.00	="SW202174"	9.8100	1500	="0103988319"	="301719094322"	="人民币"		
="2015-04-15"	="新股申购"	="300440"	="运达科技"	21.7000	1500	32550.00	1500	0.00	0.00	0.00	0.000	-32550.00	142515.00	="SW202185"	21.7000	1500	="0103988319"	="301719094322"	="人民币"		
="2015-04-15"	="新股申购"	="300444"	="双杰电气"	12.1300	1500	18195.00	1500	0.00	0.00	0.00	0.000	-18195.00	124320.00	="SW202191"	12.1300	1500	="0103988319"	="301719094322"	="人民币"		
="2015-04-16"	="银证转入"			0.0000	0	0.00	0	0.00	0.00	0.00	0.000	3572.00	3572.00		0.0000	0		="301719094323"	="人民币"		
="2015-04-16"	="跨行转出"			0.0000	0	0.00	0	0.00	0.00	0.00	0.000	-3572.00	0.00		0.0000	0		="301719094323"	="人民币"		
="2015-04-16"	="跨行转入"			0.0000	0	0.00	0	0.00	0.00	0.00	0.000	3572.00	127892.00		0.0000	0		="301719094322"	="人民币"		
="2015-04-16"	="银证转入"			0.0000	0	0.00	0	0.00	0.00	0.00	0.000	180.00	180.00		0.0000	0		="301719094323"	="人民币"		
="2015-04-16"	="跨行转出"			0.0000	0	0.00	0	0.00	0.00	0.00	0.000	-180.00	0.00		0.0000	0		="301719094323"	="人民币"		
="2015-04-16"	="跨行转入"			0.0000	0	0.00	0	0.00	0.00	0.00	0.000	180.00	128072.00		0.0000	0		="301719094322"	="人民币"		
="2015-04-16"	="银证转入"			0.0000	0	0.00	0	0.00	0.00	0.00	0.000	33436.18	33436.18		0.0000	0		="301719094323"	="人民币"		
="2015-04-16"	="跨行转出"			0.0000	0	0.00	0	0.00	0.00	0.00	0.000	-33436.18	0.00		0.0000	0		="301719094323"	="人民币"		
="2015-04-16"	="跨行转入"			0.0000	0	0.00	0	0.00	0.00	0.00	0.000	33436.18	161508.18		0.0000	0		="301719094322"	="人民币"		
="2015-04-16"	="基金赎回"	="A40006"	="现金宝"	1.0000	5145	5145.00	0	0.00	0.00	0.00	0.000	5145.00	166653.18		0.0000	0	="99F625223328"	="301719094322"	="人民币"		
="2015-04-16"	="申购还款"	="300436"	="广生堂"	21.4700	2500	53675.00	0	0.00	0.00	0.00	0.000	53675.00	220328.18	="SW467958"	21.4700	2500	="0103988319"	="301719094322"	="人民币"		
="2015-04-16"	="申购还款"	="300424"	="航新科技"	11.6800	1500	17520.00	0	0.00	0.00	0.00	0.000	17520.00	237848.18	="SW468066"	11.6800	1500	="0103988319"	="301719094322"	="人民币"		
="2015-04-16"	="申购还款"	="300447"	="全信股份"	12.9100	2500	32275.00	0	0.00	0.00	0.00	0.000	32275.00	270123.18	="SW468158"	12.9100	2500	="0103988319"	="301719094322"	="人民币"		
="2015-04-16"	="申购还款"	="300439"	="美康生物"	27.5100	1500	41265.00	0	0.00	0.00	0.00	0.000	41265.00	311388.18	="SW468311"	27.5100	1500	="0103988319"	="301719094322"	="人民币"		
="2015-04-16"	="申购还款"	="300445"	="康斯特"	18.1200	4000	72480.00	0	0.00	0.00	0.00	0.000	72480.00	383868.18	="SW468378"	18.1200	4000	="0103988319"	="301719094322"	="人民币"		
="2015-04-16"	="申购还款"	="300443"	="金雷风电"	31.9400	2500	79850.00	0	0.00	0.00	0.00	0.000	79850.00	463718.18	="SW468490"	31.9400	2500	="0103988319"	="301719094322"	="人民币"		
="2015-04-16"	="申购还款"	="002752"	="N兴股份"	5.7400	1500	8610.00	0	0.00	0.00	0.00	0.000	8610.00	472328.18	="SW468603"	5.7400	1500	="0103988319"	="301719094322"	="人民币"		
="2015-04-16"	="新股申购"	="300434"	="金石东方"	10.5700	1500	15855.00	1500	0.00	0.00	0.00	0.000	-15855.00	456473.18	="SW324994"	10.5700	1500	="0103988319"	="301719094322"	="人民币"		
="2015-04-16"	="新股申购"	="300404"	="博济医药"	12.8700	5000	64350.00	5000	0.00	0.00	0.00	0.000	-64350.00	392123.18	="SW325794"	12.8700	5000	="0103988319"	="301719094322"	="人民币"		
="2015-04-16"	="新股申购"	="002751"	="易尚展示"	10.4800	5000	52400.00	5000	0.00	0.00	0.00	0.000	-52400.00	339723.18	="SW325886"	10.4800	5000	="0103988319"	="301719094322"	="人民币"		
="2015-04-16"	="新股申购"	="300438"	="鹏辉能源"	14.8700	1000	14870.00	1000	0.00	0.00	0.00	0.000	-14870.00	324853.18	="SW325962"	14.8700	1000	="0103988319"	="301719094322"	="人民币"		
="2015-04-16"	="新股申购"	="300442"	="普丽盛"	19.1700	1000	19170.00	1000	0.00	0.00	0.00	0.000	-19170.00	305683.18	="SW352954"	19.1700	1000	="0103988319"	="301719094322"	="人民币"		
="2015-04-17"	="银证转出"			0.0000	0	0.00	0	0.00	0.00	0.00	0.000	-200000.00	105683.18		0.0000	0		="301719094322"	="人民币"		
="2015-04-17"	="申购还款"	="300446"	="乐凯新材"	8.8500	6000	53100.00	0	0.00	0.00	0.00	0.000	53100.00	158783.18	="SW202140"	8.8500	6000	="0103988319"	="301719094322"	="人民币"		
="2015-04-17"	="申购还款"	="300437"	="清水源"	10.5300	6000	63180.00	0	0.00	0.00	0.00	0.000	63180.00	221963.18	="SW202152"	10.5300	6000	="0103988319"	="301719094322"	="人民币"		
="2015-04-17"	="申购还款"	="300448"	="浩云科技"	15.7900	1500	23685.00	0	0.00	0.00	0.00	0.000	23685.00	245648.18	="SW202172"	15.7900	1500	="0103988319"	="301719094322"	="人民币"		
="2015-04-17"	="申购还款"	="300441"	="鲍斯股份"	9.8100	1500	14715.00	0	0.00	0.00	0.00	0.000	14715.00	260363.18	="SW202174"	9.8100	1500	="0103988319"	="301719094322"	="人民币"		
="2015-04-17"	="申购还款"	="300440"	="运达科技"	21.7000	1500	32550.00	0	0.00	0.00	0.00	0.000	32550.00	292913.18	="SW202185"	21.7000	1500	="0103988319"	="301719094322"	="人民币"		
="2015-04-17"	="申购还款"	="300444"	="双杰电气"	12.1300	1500	18195.00	0	0.00	0.00	0.00	0.000	18195.00	311108.18	="SW202191"	12.1300	1500	="0103988319"	="301719094322"	="人民币"		
="2015-04-17"	="证券卖出清算"	="002239"	="金 飞 达"	11.0000	4000	44000.00	0	8.80	44.00	0.00	0.000	43947.20	355055.38	="SW434141"	11.0000	4000	="0103988319"	="301719094322"	="人民币"		
="2015-04-17"	="基金申购"	="A40006"	="现金宝"	1.0000	149630.38	149630.38	149630	0.00	0.00	0.00	0.000	-149630.38	205425.00		0.0000	0	="99F625223328"	="301719094322"	="人民币"		
="2015-04-20"	="申购还款"	="300434"	="金石东方"	10.5700	1500	15855.00	0	0.00	0.00	0.00	0.000	15855.00	221280.00	="SW324994"	10.5700	1500	="0103988319"	="301719094322"	="人民币"		
="2015-04-20"	="申购还款"	="300404"	="博济医药"	12.8700	5000	64350.00	0	0.00	0.00	0.00	0.000	64350.00	285630.00	="SW325794"	12.8700	5000	="0103988319"	="301719094322"	="人民币"		
="2015-04-20"	="申购还款"	="002751"	="易尚展示"	10.4800	5000	52400.00	0	0.00	0.00	0.00	0.000	52400.00	338030.00	="SW325886"	10.4800	5000	="0103988319"	="301719094322"	="人民币"		
="2015-04-20"	="申购还款"	="300438"	="鹏辉能源"	14.8700	1000	14870.00	0	0.00	0.00	0.00	0.000	14870.00	352900.00	="SW325962"	14.8700	1000	="0103988319"	="301719094322"	="人民币"		
="2015-04-20"	="申购还款"	="300442"	="普丽盛"	19.1700	1000	19170.00	0	0.00	0.00	0.00	0.000	19170.00	372070.00	="SW352954"	19.1700	1000	="0103988319"	="301719094322"	="人民币"		
="2015-04-20"	="基金申购"	="A40006"	="现金宝"	1.0000	205425	205425.00	355055	0.00	0.00	0.00	0.000	-205425.00	166645.00		0.0000	0	="99F625223328"	="301719094322"	="人民币"		
="2015-04-21"	="银证转出"			0.0000	0	0.00	0	0.00	0.00	0.00	0.000	-16600.00	150045.00		0.0000	0		="301719094322"	="人民币"		
="2015-04-21"	="银证转出"			0.0000	0	0.00	0	0.00	0.00	0.00	0.000	-150000.00	45.00		0.0000	0		="301719094322"	="人民币"		
