="发生日期"	="业务名称"	="证券代码"	="证券名称"	="成交均价"	="成交数量"	="成交金额"	="股份余额"	="手续费"	="印花税"	="过户费"	="其他费"	="发生金额"	="资金余额"	="委托编号"	="委托价格"	="委托数量"	="股东代码"	="资金帐号"	="币种"	="备注"	
="2015-06-02"	="银证转入"			0.0000	0	0.00	0	0.00	0.00	0.00	0.000	111098.40	111098.40		0.0000	0		="301719093195"	="人民币"		
="2015-06-02"	="跨行转出"			0.0000	0	0.00	0	0.00	0.00	0.00	0.000	-111098.40	0.00		0.0000	0		="301719093195"	="人民币"		
="2015-06-02"	="跨行转入"			0.0000	0	0.00	0	0.00	0.00	0.00	0.000	111098.40	111098.40		0.0000	0		="301719094322"	="人民币"		
="2015-06-02"	="基金赎回"	="A40006"	="现金宝"	1.0000	106401.6	106401.60	33624	0.00	0.00	0.00	0.000	106401.60	217500.00		0.0000	0	="99F625223328"	="301719094322"	="人民币"		
="2015-06-02"	="新股申购"	="002761"	="多喜爱"	7.2800	3000	21840.00	3000	0.00	0.00	0.00	0.000	-21840.00	195660.00	="SW829439"	7.2800	3000	="0103988319"	="301719094322"	="人民币"		
="2015-06-02"	="新股申购"	="002765"	="蓝黛传动"	7.6700	3000	23010.00	3000	0.00	0.00	0.00	0.000	-23010.00	172650.00	="SW829654"	7.6700	3000	="0103988319"	="301719094322"	="人民币"		
="2015-06-02"	="新股申购"	="300475"	="聚隆科技"	8.8000	3000	26400.00	3000	0.00	0.00	0.00	0.000	-26400.00	146250.00	="SW829879"	8.8000	3000	="0103988319"	="301719094322"	="人民币"		
="2015-06-02"	="新股申购"	="300464"	="星徽精密"	10.2000	3000	30600.00	3000	0.00	0.00	0.00	0.000	-30600.00	115650.00	="SW830128"	10.2000	3000	="0103988319"	="301719094322"	="人民币"		
="2015-06-02"	="新股申购"	="300477"	="合纵科技"	10.6100	3000	31830.00	3000	0.00	0.00	0.00	0.000	-31830.00	83820.00	="SW844194"	10.6100	3000	="0103988319"	="301719094322"	="人民币"		
="2015-06-02"	="新股申购"	="002763"	="汇洁股份"	13.1000	3000	39300.00	3000	0.00	0.00	0.00	0.000	-39300.00	44520.00	="SW844377"	13.1000	3000	="0103988319"	="301719094322"	="人民币"		
="2015-06-02"	="新股申购"	="300478"	="杭州高新"	14.8400	3000	44520.00	3000	0.00	0.00	0.00	0.000	-44520.00	0.00	="SW844564"	14.8400	3000	="0103988319"	="301719094322"	="人民币"		
="2015-06-03"	="银证转入"			0.0000	0	0.00	0	0.00	0.00	0.00	0.000	137851.37	137851.37		0.0000	0		="301719094322"	="人民币"		
="2015-06-03"	="基金赎回"	="A40006"	="现金宝"	1.0000	31513.63	31513.63	2110	0.00	0.00	0.00	0.000	31513.63	169365.00		0.0000	0	="99F625223328"	="301719094322"	="人民币"		
="2015-06-03"	="新股申购"	="002760"	="凤形股份"	8.3100	3500	29085.00	3500	0.00	0.00	0.00	0.000	-29085.00	140280.00	="SW137309"	8.3100	3500	="0103988319"	="301719094322"	="人民币"		
="2015-06-03"	="新股申购"	="002766"	="索菱股份"	7.5300	3500	26355.00	3500	0.00	0.00	0.00	0.000	-26355.00	113925.00	="SW137641"	7.5300	3500	="0103988319"	="301719094322"	="人民币"		
="2015-06-03"	="新股申购"	="300469"	="信息发展"	10.1400	3500	35490.00	3500	0.00	0.00	0.00	0.000	-35490.00	78435.00	="SW139141"	10.1400	3500	="0103988319"	="301719094322"	="人民币"		
="2015-06-03"	="新股申购"	="300472"	="新元科技"	11.3900	3500	39865.00	3500	0.00	0.00	0.00	0.000	-39865.00	38570.00	="SW139700"	11.3900	3500	="0103988319"	="301719094322"	="人民币"		
="2015-06-03"	="新股申购"	="300479"	="神思电子"	11.0200	3500	38570.00	3500	0.00	0.00	0.00	0.000	-38570.00	0.00	="SW140343"	11.0200	3500	="0103988319"	="301719094322"	="人民币"		
="2015-06-04"	="申购还款"	="002761"	="多喜爱"	7.2800	3000	21840.00	0	0.00	0.00	0.00	0.000	21840.00	21840.00	="SW829439"	7.2800	3000	="0103988319"	="301719094322"	="人民币"		
="2015-06-04"	="申购还款"	="002765"	="蓝黛传动"	7.6700	3000	23010.00	0	0.00	0.00	0.00	0.000	23010.00	44850.00	="SW829654"	7.6700	3000	="0103988319"	="301719094322"	="人民币"		
="2015-06-04"	="申购还款"	="300475"	="聚隆科技"	8.8000	3000	26400.00	0	0.00	0.00	0.00	0.000	26400.00	71250.00	="SW829879"	8.8000	3000	="0103988319"	="301719094322"	="人民币"		
="2015-06-04"	="申购还款"	="300464"	="星徽精密"	10.2000	3000	30600.00	0	0.00	0.00	0.00	0.000	30600.00	101850.00	="SW830128"	10.2000	3000	="0103988319"	="301719094322"	="人民币"		
="2015-06-04"	="申购还款"	="300477"	="合纵科技"	10.6100	3000	31830.00	0	0.00	0.00	0.00	0.000	31830.00	133680.00	="SW844194"	10.6100	3000	="0103988319"	="301719094322"	="人民币"		
="2015-06-04"	="申购还款"	="002763"	="汇洁股份"	13.1000	3000	39300.00	0	0.00	0.00	0.00	0.000	39300.00	172980.00	="SW844377"	13.1000	3000	="0103988319"	="301719094322"	="人民币"		
="2015-06-04"	="申购还款"	="300478"	="杭州高新"	14.8400	3000	44520.00	0	0.00	0.00	0.00	0.000	44520.00	217500.00	="SW844564"	14.8400	3000	="0103988319"	="301719094322"	="人民币"		
="2015-06-05"	="申购还款"	="002760"	="凤形股份"	8.3100	3500	29085.00	0	0.00	0.00	0.00	0.000	29085.00	246585.00	="SW137309"	8.3100	3500	="0103988319"	="301719094322"	="人民币"		
="2015-06-05"	="申购还款"	="002766"	="索菱股份"	7.5300	3500	26355.00	0	0.00	0.00	0.00	0.000	26355.00	272940.00	="SW137641"	7.5300	3500	="0103988319"	="301719094322"	="人民币"		
="2015-06-05"	="申购还款"	="300469"	="信息发展"	10.1400	3500	35490.00	0	0.00	0.00	0.00	0.000	35490.00	308430.00	="SW139141"	10.1400	3500	="0103988319"	="301719094322"	="人民币"		
="2015-06-05"	="申购还款"	="300472"	="新元科技"	11.3900	3500	39865.00	0	0.00	0.00	0.00	0.000	39865.00	348295.00	="SW139700"	11.3900	3500	="0103988319"	="301719094322"	="人民币"		
="2015-06-05"	="申购还款"	="300479"	="神思电子"	11.0200	3500	38570.00	0	0.00	0.00	0.00	0.000	38570.00	386865.00	="SW140343"	11.0200	3500	="0103988319"	="301719094322"	="人民币"		
="2015-06-05"	="基金申购"	="A40006"	="现金宝"	1.0000	217500	217500.00	219610	0.00	0.00	0.00	0.000	-217500.00	169365.00		0.0000	0	="99F625223328"	="301719094322"	="人民币"		
="2015-06-08"	="银证转出"			0.0000	0	0.00	0	0.00	0.00	0.00	0.000	-150000.00	19365.00		0.0000	0		="301719094322"	="人民币"		
="2015-06-08"	="证券卖出清算"	="002457"	="青龙管业"	17.4300	1000	17430.00	0	5.00	17.43	0.00	0.000	17407.57	36772.57	="SW145842"	17.4000	1000	="0103988319"	="301719094322"	="人民币"		
="2015-06-08"	="证券卖出清算"	="184721"	="基金丰和"	1.4240	20000	28480.00	20000	5.70	0.00	0.00	0.000	28474.30	65246.87	="SW148156"	1.4200	20000	="0103988319"	="301719094322"	="人民币"		
="2015-06-08"	="证券卖出清算"	="184721"	="基金丰和"	1.4240	20000	28480.00	0	5.70	0.00	0.00	0.000	28474.30	93721.17	="SW148306"	1.4210	20000	="0103988319"	="301719094322"	="人民币"		
="2015-06-08"	="基金申购"	="A40006"	="现金宝"	1.0000	93721.17	93721.17	313331	0.00	0.00	0.00	0.000	-93721.17	0.00		0.0000	0	="99F625223328"	="301719094322"	="人民币"		
="2015-06-17"	="银证转入"			0.0000	0	0.00	0	0.00	0.00	0.00	0.000	3752.00	3752.00		0.0000	0		="301719094323"	="人民币"		
="2015-06-17"	="跨行转出"			0.0000	0	0.00	0	0.00	0.00	0.00	0.000	-3752.00	0.00		0.0000	0		="301719094323"	="人民币"		
="2015-06-17"	="跨行转入"			0.0000	0	0.00	0	0.00	0.00	0.00	0.000	3752.00	3752.00		0.0000	0		="301719094322"	="人民币"		
="2015-06-17"	="基金赎回"	="A40006"	="现金宝"	1.0000	22813.31	22813.31	290518	0.00	0.00	0.00	0.000	22813.31	26565.31		0.0000	0	="99F625223328"	="301719094322"	="人民币"		
="2015-06-17"	="证券买入清算"	="184721"	="基金丰和"	1.3280	20000	26560.00	20000	5.31	0.00	0.00	0.000	-26565.31	0.00	="SW582308"	1.3280	20000	="0103988319"	="301719094322"	="人民币"		
="2015-06-19"	="银证转入"			0.0000	0	0.00	0	0.00	0.00	0.00	0.000	100000.00	100000.00		0.0000	0		="301719093195"	="人民币"		
="2015-06-19"	="跨行转出"			0.0000	0	0.00	0	0.00	0.00	0.00	0.000	-100000.00	0.00		0.0000	0		="301719093195"	="人民币"		
="2015-06-19"	="跨行转入"			0.0000	0	0.00	0	0.00	0.00	0.00	0.000	100000.00	100000.00		0.0000	0		="301719094322"	="人民币"		
="2015-06-19"	="基金赎回"	="A40006"	="现金宝"	1.0000	287755	287755.00	2763	0.00	0.00	0.00	0.000	287755.00	387755.00		0.0000	0	="99F625223328"	="301719094322"	="人民币"		
="2015-06-19"	="新股申购"	="300489"	="中飞股份"	17.5600	4500	79020.00	4500	0.00	0.00	0.00	0.000	-79020.00	308735.00	="SW340103"	17.5600	4500	="0103988319"	="301719094322"	="人民币"		
="2015-06-19"	="新股申购"	="300487"	="蓝晓科技"	14.8300	6500	96395.00	6500	0.00	0.00	0.00	0.000	-96395.00	212340.00	="SW340139"	14.8300	6500	="0103988319"	="301719094322"	="人民币"		
="2015-06-19"	="新股申购"	="300482"	="万孚生物"	16.0000	6500	104000.00	6500	0.00	0.00	0.00	0.000	-104000.00	108340.00	="SW340148"	16.0000	6500	="0103988319"	="301719094322"	="人民币"		
="2015-06-19"	="新股申购"	="300481"	="濮阳惠成"	9.1300	6500	59345.00	6500	0.00	0.00	0.00	0.000	-59345.00	48995.00	="SW343853"	9.1300	6500	="0103988319"	="301719094322"	="人民币"		
="2015-06-19"	="新股申购"	="002770"	="科迪乳业"	6.8500	6500	44525.00	6500	0.00	0.00	0.00	0.000	-44525.00	4470.00	="SW344152"	6.8500	6500	="0103988319"	="301719094322"	="人民币"		
="2015-06-19"	="新股申购"	="300486"	="东杰智能"	8.9400	500	4470.00	500	0.00	0.00	0.00	0.000	-4470.00	0.00	="SW344621"	8.9400	500	="0103988319"	="301719094322"	="人民币"		
="2015-06-23"	="利息归本"			0.0000	0	0.00	0	0.00	0.00	0.00	0.000	39.00	39.00		0.0000	0		="301719094322"	="人民币"		
="2015-06-24"	="红利发放"	="A40006"	="现金宝"	1.0000	0	1589.46	2763	0.00	0.00	0.00	0.000	1589.46	2357.06		0.0840	0	="99F625223328"	="301719094322"	="人民币"		
="2015-06-24"	="申购还款"	="300489"	="中飞股份"	17.5600	4500	79020.00	0	0.00	0.00	0.00	0.000	79020.00	81377.06	="SW340103"	17.5600	4500	="0103988319"	="301719094322"	="人民币"		
="2015-06-24"	="申购还款"	="300487"	="蓝晓科技"	14.8300	6500	96395.00	0	0.00	0.00	0.00	0.000	96395.00	177772.06	="SW340139"	14.8300	6500	="0103988319"	="301719094322"	="人民币"		
="2015-06-24"	="申购还款"	="300482"	="万孚生物"	16.0000	6500	104000.00	0	0.00	0.00	0.00	0.000	104000.00	281772.06	="SW340148"	16.0000	6500	="0103988319"	="301719094322"	="人民币"		
="2015-06-24"	="申购还款"	="300481"	="濮阳惠成"	9.1300	6500	59345.00	0	0.00	0.00	0.00	0.000	59345.00	341117.06	="SW343853"	9.1300	6500	="0103988319"	="301719094322"	="人民币"		
="2015-06-24"	="申购中签"	="002770"	="科迪乳业"	6.8500	500	3425.00	7000	0.00	0.00	0.00	0.000	-3425.00	337692.06	="SW344152"	6.8500	6500	="0103988319"	="301719094322"	="人民币"		
="2015-06-24"	="申购还款"	="002770"	="科迪乳业"	6.8500	6500	44525.00	500	0.00	0.00	0.00	0.000	44525.00	382217.06	="SW344152"	6.8500	6500	="0103988319"	="301719094322"	="人民币"		
="2015-06-24"	="申购还款"	="300486"	="东杰智能"	8.9400	500	4470.00	0	0.00	0.00	0.00	0.000	4470.00	386687.06	="SW344621"	8.9400	500	="0103988319"	="301719094322"	="人民币"		
="2015-06-25"	="证券买入清算"	="002014"	="永新股份"	30.2000	500	15100.00	500	5.00	0.00	0.00	0.000	-15105.00	370853.46	="SW338397"	30.2000	500	="0103988319"	="301719094322"	="人民币"		
="2015-06-25"	="基金申购"	="A40006"	="现金宝"	1.0000	370853.46	370853.46	373617	0.00	0.00	0.00	0.000	-370853.46	0.00		0.0000	0	="99F625223328"	="301719094322"	="人民币"		
="2015-06-26"	="红利发放"	="A40006"	="现金宝"	1.0000	0	424.58	373617	0.00	0.00	0.00	0.000	424.58	424.58		0.0150	0	="99F625223328"	="301719094322"	="人民币"		
="2015-06-26"	="基金赎回"	="A40006"	="现金宝"	1.0000	63735	63735.00	309882	0.00	0.00	0.00	0.000	63735.00	64159.58		0.0000	0	="99F625223328"	="301719094322"	="人民币"		
="2015-06-26"	="证券买入清算"	="002457"	="青龙管业"	17.9900	1000	17990.00	1000	5.00	0.00	0.00	0.000	-17995.00	46164.58	="SW358229"	19.1600	1000	="0103988319"	="301719094322"	="人民币"		
="2015-06-26"	="证券买入清算"	="002014"	="永新股份"	28.1600	500	14080.00	1000	5.00	0.00	0.00	0.000	-14085.00	32079.58	="SW360158"	28.1600	500	="0103988319"	="301719094322"	="人民币"		
="2015-06-26"	="证券买入清算"	="184721"	="基金丰和"	1.2010	10000	12010.00	30000	5.00	0.00	0.00	0.000	-12015.00	20064.58	="SW393557"	1.2010	10000	="0103988319"	="301719094322"	="人民币"		
="2015-06-26"	="证券买入清算"	="002457"	="青龙管业"	16.5600	500	8280.00	1500	5.00	0.00	0.00	0.000	-8285.00	11779.58	="SW532439"	16.5600	500	="0103988319"	="301719094322"	="人民币"		
="2015-06-26"	="证券买入清算"	="184721"	="基金丰和"	1.1350	10000	11350.00	40000	5.00	0.00	0.00	0.000	-11355.00	424.58	="SW549786"	1.1350	10000	="0103988319"	="301719094322"	="人民币"		
="2015-06-30"	="证券卖出清算"	="002014"	="永新股份"	23.8990	1000	23899.00	0	5.00	23.90	0.00	0.000	23870.10	24294.68	="SW203958"	23.0000	1000	="0103988319"	="301719094322"	="人民币"		
="2015-06-30"	="基金申购"	="A40006"	="现金宝"	1.0000	24294.68	24294.68	334176	0.00	0.00	0.00	0.000	-24294.68	0.00		0.0000	0	="99F625223328"	="301719094322"	="人民币"		
